 @article{lin1973,
    author  = {Shen Lin and Brian W. Kernighan},
    title   = {An Effective Heuristic Algorithm for the Travelling-Salesman Problem},
    journal = {Operations Research},
    volume  = {21},
    year    = {1973},
    pages   = {498--516},
 }

@article{greenwade93,
    author  = "George D. Greenwade",
    title   = "The {C}omprehensive {T}ex {A}rchive {N}etwork ({CTAN})",
    year    = "1993",
    journal = "TUGBoat",
    volume  = "14",
    number  = "3",
    pages   = "342--351"
}
